% todo: add the doi

@article{dbpedia-swj,
  added-at = {2018-05-06T17:57:02.000+0200},
  author = {Lehmann, Jens and Isele, Robert and Jakob, Max and Jentzsch, Anja and Kontokostas, Dimitris and Mendes, Pablo N. and Hellmann, Sebastian and Morsey, Mohamed and van Kleef, Patrick and Auer, S{\"o}ren and Bizer, Christian},
  biburl = {https://www.bibsonomy.org/bibtex/2a5edc5b0d8c72ddba61890eac0a5c57b/aksw},
  interhash = {200216bdff758e6806b60acb04b5eea7},
  intrahash = {a5edc5b0d8c72ddba61890eac0a5c57b},
  journal = {Semantic Web Journal},
  keywords = {2015 MOLE dllearner geoknow group_aksw kontokostas lehmann lod2page topic_Classification},
  number = 2,
  pages = {167--195},
  timestamp = {2018-05-06T17:57:02.000+0200},
  title = {{DBpedia} - A Large-scale, Multilingual Knowledge Base Extracted from Wikipedia},
  url = {http://jens-lehmann.org/files/2015/swj_dbpedia.pdf},
  volume = 6,
  year = 2015
}

@inproceedings{bollacker2008freebase,
  title={Freebase: a collaboratively created graph database for structuring human knowledge},
  author={Bollacker, Kurt and Evans, Colin and Paritosh, Praveen and Sturge, Tim and Taylor, Jamie},
  booktitle={Proceedings of the 2008 ACM SIGMOD international conference on Management of data},
  pages={1247--1250},
  year={2008},
  organization={AcM}
}


@inproceedings{suchanek2007yago,
  title={Yago: a core of semantic knowledge},
  author={Suchanek, Fabian M and Kasneci, Gjergji and Weikum, Gerhard},
  booktitle={Proceedings of the 16th international conference on World Wide Web},
  pages={697--706},
  year={2007},
  organization={ACM}
}
